<?xml version="1.0" encoding="UTF-8"?><collection xmlns="http://www.loc.gov/MARC21/slim"><record><leader>00706nam--2200193-i-4500</leader><controlfield tag="001">000039164</controlfield><controlfield tag="002">20161230</controlfield><controlfield tag="005">20161230201042</controlfield><controlfield tag="008">060222s1000------------r-----000-0-eng-d</controlfield><datafield ind1=" " ind2=" " tag="020"><subfield code="a">0720403413</subfield></datafield><datafield ind1=" " ind2=" " tag="040"><subfield code="a">IFIN-HH</subfield></datafield><datafield ind1=" " ind2=" " tag="080"><subfield code="a">539.142(061.3)</subfield></datafield><datafield ind1="1" ind2=" " tag="100"><subfield code="a">Ripka, G</subfield></datafield><datafield ind1="1" ind2=" " tag="245"><subfield code="a">Nuclear self-consistent fields</subfield><subfield code="b">Proceedings of the international conference on nuclear self-consistent fields organized by and held at the international centre for theoretical physics trieste, february 24-28, 1975</subfield><subfield code="c">G. ripka, m. porneuf (eds.)</subfield></datafield><datafield ind1=" " ind2=" " tag="260"><subfield code="a">Amsterdam</subfield><subfield code="b">North-holland Publishing Company</subfield><subfield code="c">1975</subfield></datafield><datafield ind1=" " ind2=" " tag="300"><subfield code="a">X + 439 P</subfield></datafield><datafield ind1="1" ind2=" " tag="700"><subfield code="a">Porneuf, M</subfield><subfield code="e">Ed</subfield></datafield><datafield ind1=" " ind2=" " tag="852"><subfield code="a">45437</subfield><subfield code="c">539.14</subfield></datafield><datafield ind1=" " ind2=" " tag="CAT"><subfield code="a">Sys</subfield><subfield code="c">20120403</subfield><subfield code="h">142657</subfield></datafield></record></collection>